@article{HD-Clustering,
  author    = {Greg Ver Steeg and
               Aram Galstyan},
  title     = {Maximally Informative Hierarchical Representations of High-Dimensional
               Data},
  journal   = {CoRR},
  volume    = {abs/1410.7404},
  year      = {2014},
  url       = {http://arxiv.org/abs/1410.7404},
  timestamp = {Sun, 02 Nov 2014 11:25:59 +0100},
  biburl    = {http://dblp.uni-trier.de/rec/bib/journals/corr/SteegG14a},
  bibsource = {dblp computer science bibliography, http://dblp.org}
}
